{
  "id": "gen9vgc2024regh-2273105782",
  "format": "[Gen 9] VGC 2024 Reg H",
  "players": [
    "elblitz_",
    "TviTornado132"
  ],
  "log": "|j|\u2606elblitz_\n|j|\u2606TviTornado132\n|t:|1735731389\n|gametype|doubles\n|player|p1|elblitz_|2|1513\n|player|p2|TviTornado132|101|1429\n|teamsize|p1|6\n|teamsize|p2|6\n|gen|9\n|tier|[Gen 9] VGC 2024 Reg H\n|rated|\n|rule|Species Clause: Limit one of each Pok\u00e9mon\n|rule|Item Clause: Limit 1 of each item\n|clearpoke\n|poke|p1|Incineroar, L50, F|\n|poke|p1|Amoonguss, L50, M|\n|poke|p1|Gengar, L50, F|\n|poke|p1|Archaludon, L50, M|\n|poke|p1|Pelipper, L50, F|\n|poke|p1|Basculegion, L50, M|\n|poke|p2|Annihilape, L50, M|\n|poke|p2|Primarina, L50, M|\n|poke|p2|Dragonite, L50, F|\n|poke|p2|Incineroar, L50, F|\n|poke|p2|Ursaluna, L50, F|\n|poke|p2|Rillaboom, L50, M|\n|teampreview|4\n|inactive|Battle timer is ON: inactive players will automatically lose when time's up. (requested by elblitz_)\n|\n|t:|1735731419\n|start\n|switch|p1a: Gengar|Gengar, L50, F|100/100\n|switch|p1b: Archaludon|Archaludon, L50, M|100/100\n|switch|p2a: Dragonite|Dragonite, L50, F|100/100\n|switch|p2b: Annihilape|Annihilape, L50, M|100/100\n|turn|1\n|\n|t:|1735731440\n|move|p2b: Annihilape|Close Combat|p1b: Archaludon\n|-supereffective|p1b: Archaludon\n|-damage|p1b: Archaludon|23/100\n|-unboost|p2b: Annihilape|def|1\n|-unboost|p2b: Annihilape|spd|1\n|-ability|p1b: Archaludon|Stamina|boost\n|-boost|p1b: Archaludon|def|1\n|move|p2a: Dragonite|Scale Shot|p1a: Gengar\n|-damage|p1a: Gengar|86/100\n|-start|p2a: Dragonite|Disable|Scale Shot|[from] ability: Cursed Body|[of] p1a: Gengar\n|-damage|p1a: Gengar|71/100\n|-damage|p1a: Gengar|54/100\n|-damage|p1a: Gengar|37/100\n|-damage|p1a: Gengar|21/100\n|-hitcount|p1a: Gengar|5\n|-unboost|p2a: Dragonite|def|1\n|-boost|p2a: Dragonite|spe|1\n|move|p1b: Archaludon|Flash Cannon|p2b: Annihilape\n|-damage|p2b: Annihilape|31/100\n|-unboost|p2b: Annihilape|spd|1\n|-ability|p2b: Annihilape|Defiant|boost\n|-boost|p2b: Annihilape|atk|2\n|move|p1a: Gengar|Trick Room|p1a: Gengar\n|-fieldstart|move: Trick Room|[of] p1a: Gengar\n|\n|upkeep\n|turn|2\n|inactive|elblitz_ has 30 seconds left.\n|inactive|TviTornado132 has 30 seconds left.\n|inactive|elblitz_ has 20 seconds left.\n|inactive|TviTornado132 has 20 seconds left.\n|inactive|elblitz_ has 15 seconds left.\n|inactive|TviTornado132 has 15 seconds left.\n|inactive|elblitz_ has 10 seconds left.\n|\n|t:|1735731489\n|switch|p2b: Rillaboom|Rillaboom, L50, M|100/100\n|-fieldstart|move: Grassy Terrain|[from] ability: Grassy Surge|[of] p2b: Rillaboom\n|move|p1b: Archaludon|Draco Meteor|p2a: Dragonite\n|-supereffective|p2a: Dragonite\n|-damage|p2a: Dragonite|22/100\n|-unboost|p1b: Archaludon|spa|2\n|move|p1a: Gengar|Sludge Bomb|p2b: Rillaboom\n|-supereffective|p2b: Rillaboom\n|-damage|p2b: Rillaboom|16/100\n|-status|p2b: Rillaboom|psn\n|move|p2a: Dragonite|Stomping Tantrum|p1b: Archaludon\n|-supereffective|p1b: Archaludon\n|-damage|p1b: Archaludon|0 fnt\n|faint|p1b: Archaludon\n|\n|-heal|p1a: Gengar|27/100|[from] Grassy Terrain\n|-heal|p2b: Rillaboom|22/100 psn|[from] Grassy Terrain\n|-damage|p2b: Rillaboom|10/100 psn|[from] psn\n|upkeep\n|\n|t:|1735731508\n|switch|p1b: Pelipper|Pelipper, L50, F|100/100\n|-weather|RainDance|[from] ability: Drizzle|[of] p1b: Pelipper\n|turn|3\n|\n|t:|1735731529\n|move|p1a: Gengar|Sucker Punch|p2b: Rillaboom\n|-damage|p2b: Rillaboom|0 fnt\n|faint|p2b: Rillaboom\n|move|p1b: Pelipper|Hurricane|p2a: Dragonite\n|-damage|p2a: Dragonite|0 fnt\n|faint|p2a: Dragonite\n|\n|-weather|RainDance|[upkeep]\n|-heal|p1a: Gengar|33/100|[from] Grassy Terrain\n|upkeep\n|-message|TviTornado132 forfeited.\n|\n|win|elblitz_\n|raw|elblitz_'s rating: 1513 &rarr; <strong>1528</strong><br />(+15 for winning)\n|raw|TviTornado132's rating: 1429 &rarr; <strong>1414</strong><br />(-15 for losing)\n|l|\u2606TviTornado132\n|player|p2|\n|l|\u2606elblitz_\n|player|p1|\n",
  "uploadtime": 1735731822,
  "views": 23,
  "formatid": "gen9vgc2024regh",
  "rating": 1414,
  "private": 0,
  "password": null
}