{
  "id": "gen9vgc2024regh-2273200033",
  "format": "[Gen 9] VGC 2024 Reg H",
  "players": [
    "Shadowknight16",
    "greenknightsixVGC"
  ],
  "log": "|j|\u2606Shadowknight16\n|j|\u2606greenknightsixVGC\n|t:|1735749022\n|gametype|doubles\n|player|p1|Shadowknight16|102|1172\n|player|p2|greenknightsixVGC|gentleman-gen4|1300\n|teamsize|p1|6\n|teamsize|p2|6\n|gen|9\n|tier|[Gen 9] VGC 2024 Reg H\n|rated|\n|rule|Species Clause: Limit one of each Pok\u00e9mon\n|rule|Item Clause: Limit 1 of each item\n|clearpoke\n|poke|p1|Palafin, L50, F|\n|poke|p1|Cyclizar, L50, M|\n|poke|p1|Incineroar, L50, F|\n|poke|p1|Meowscarada, L50, M|\n|poke|p1|Murkrow, L50, M|\n|poke|p1|Espeon, L50, M|\n|poke|p2|Hatterene, L50, F|\n|poke|p2|Indeedee-F, L50, F|\n|poke|p2|Amoonguss, L50, F|\n|poke|p2|Conkeldurr, L50, F|\n|poke|p2|Garchomp, L50, F|\n|poke|p2|Porygon2, L50|\n|teampreview|4\n|inactive|Battle timer is ON: inactive players will automatically lose when time's up. (requested by Shadowknight16)\nShadowknight16 rejected open team sheets.\n|\n|t:|1735749050\n|start\n|switch|p1a: Cyclizar|Cyclizar, L50, M|100/100\n|switch|p1b: Murkrow|Murkrow, L50, M|100/100\n|switch|p2a: Hatterene|Hatterene, L50, F, shiny|100/100\n|switch|p2b: Indeedee|Indeedee-F, L50, F, shiny|100/100\n|-fieldstart|move: Psychic Terrain|[from] ability: Psychic Surge|[of] p2b: Indeedee\n|-enditem|p2b: Indeedee|Psychic Seed\n|-boost|p2b: Indeedee|spd|1|[from] item: Psychic Seed\n|turn|1\n|\n|t:|1735749071\n|move|p1b: Murkrow|Tailwind|p1b: Murkrow\n|-sidestart|p1: Shadowknight16|move: Tailwind\n|move|p1a: Cyclizar|Shed Tail|p1a: Cyclizar\n|-start|p1a: Cyclizar|Substitute|[from] move: Shed Tail\n|-damage|p1a: Cyclizar|50/100\n|\n|t:|1735749076\n|switch|p1a: Palafin|Palafin, L50, F|100/100|[from] Shed Tail\n|move|p2a: Hatterene|Dazzling Gleam|p1b: Murkrow|[spread] p1a,p1b\n|-end|p1a: Palafin|Substitute\n|-supereffective|p1b: Murkrow\n|-damage|p1b: Murkrow|20/100\n|-damage|p2a: Hatterene|91/100|[from] item: Life Orb\n|move|p2b: Indeedee|Trick Room|p2b: Indeedee\n|-fieldstart|move: Trick Room|[of] p2b: Indeedee\n|\n|upkeep\n|turn|2\n|\n|t:|1735749092\n|move|p2a: Hatterene|Dazzling Gleam|p1b: Murkrow|[spread] p1a,p1b\n|-supereffective|p1b: Murkrow\n|-damage|p1a: Palafin|33/100\n|-damage|p1b: Murkrow|0 fnt\n|faint|p1b: Murkrow\n|-damage|p2a: Hatterene|81/100|[from] item: Life Orb\n|move|p2b: Indeedee|Psychic|p1a: Palafin\n|-damage|p1a: Palafin|0 fnt\n|faint|p1a: Palafin\n|\n|upkeep\n|-message|Shadowknight16 forfeited.\n|\n|win|greenknightsixVGC\n|raw|Shadowknight16's rating: 1172 &rarr; <strong>1156</strong><br />(-16 for losing)\n|raw|greenknightsixVGC's rating: 1300 &rarr; <strong>1316</strong><br />(+16 for winning)\n|l|\u2606Shadowknight16\n|player|p1|\n|l|\u2606greenknightsixVGC\n|player|p2|\n",
  "uploadtime": 1735749443,
  "views": 445,
  "formatid": "gen9vgc2024regh",
  "rating": 1156,
  "private": 0,
  "password": null
}