{
  "id": "gen9vgc2024regh-2273217186",
  "format": "[Gen 9] VGC 2024 Reg H",
  "players": [
    "Oricorio warrior",
    "greenknightsixVGC"
  ],
  "log": "|j|\u2606Oricorio warrior\n|j|\u2606greenknightsixVGC\n|t:|1735751446\n|gametype|doubles\n|player|p1|Oricorio warrior|170|1218\n|player|p2|greenknightsixVGC|gentleman-gen4|1290\n|teamsize|p1|6\n|teamsize|p2|6\n|gen|9\n|tier|[Gen 9] VGC 2024 Reg H\n|rated|\n|rule|Species Clause: Limit one of each Pok\u00e9mon\n|rule|Item Clause: Limit 1 of each item\n|clearpoke\n|poke|p1|Whimsicott, L50, F|\n|poke|p1|Typhlosion-Hisui, L50, F|\n|poke|p1|Torkoal, L50, F|\n|poke|p1|Lilligant-Hisui, L50, F|\n|poke|p1|Clefable, L50, F|\n|poke|p1|Mienshao, L50, F|\n|poke|p2|Hatterene, L50, F|\n|poke|p2|Indeedee-F, L50, F|\n|poke|p2|Amoonguss, L50, F|\n|poke|p2|Conkeldurr, L50, F|\n|poke|p2|Garchomp, L50, F|\n|poke|p2|Porygon2, L50|\n|teampreview|4\n|\n|t:|1735751474\n|start\n|switch|p1a: Torkoal|Torkoal, L50, F|100/100\n|switch|p1b: Mienshao|Mienshao, L50, F|100/100\n|switch|p2a: Indeedee|Indeedee-F, L50, F, shiny|100/100\n|switch|p2b: Garchomp|Garchomp, L50, F, shiny|100/100\n|-fieldstart|move: Psychic Terrain|[from] ability: Psychic Surge|[of] p2a: Indeedee\n|-enditem|p2a: Indeedee|Psychic Seed\n|-boost|p2a: Indeedee|spd|1|[from] item: Psychic Seed\n|-weather|SunnyDay|[from] ability: Drought|[of] p1a: Torkoal\n|turn|1\n|\n|t:|1735751488\n|move|p1b: Mienshao|Taunt|p2a: Indeedee\n|-start|p2a: Indeedee|move: Taunt\n|move|p2b: Garchomp|Stomping Tantrum|p1a: Torkoal\n|-supereffective|p1a: Torkoal\n|-damage|p1a: Torkoal|59/100\n|move|p1a: Torkoal|Eruption|p2b: Garchomp|[spread] p2a,p2b\n|-resisted|p2b: Garchomp\n|-damage|p2a: Indeedee|85/100\n|-damage|p2b: Garchomp|83/100\n|cant|p2a: Indeedee|move: Taunt|Trick Room\n|\n|-weather|SunnyDay|[upkeep]\n|upkeep\n|turn|2\n|\n|t:|1735751504\n|move|p1b: Mienshao|Close Combat|p2b: Garchomp\n|-damage|p2b: Garchomp|5/100\n|-unboost|p1b: Mienshao|def|1\n|-unboost|p1b: Mienshao|spd|1\n|-damage|p1b: Mienshao|88/100|[from] ability: Rough Skin|[of] p2b: Garchomp\n|-damage|p1b: Mienshao|78/100|[from] item: Life Orb\n|move|p2b: Garchomp|Earthquake|p1a: Torkoal|[spread] p2a,p1a,p1b\n|-supereffective|p1a: Torkoal\n|-damage|p2a: Indeedee|27/100\n|-damage|p1a: Torkoal|15/100\n|-damage|p1b: Mienshao|0 fnt\n|faint|p1b: Mienshao\n|move|p2a: Indeedee|Psychic|p1a: Torkoal\n|-damage|p1a: Torkoal|0 fnt\n|faint|p1a: Torkoal\n|\n|-weather|SunnyDay|[upkeep]\n|upkeep\n|\n|t:|1735751519\n|switch|p1b: Lilligant|Lilligant-Hisui, L50, F|100/100\n|switch|p1a: Typhlosion|Typhlosion-Hisui, L50, F|100/100\n|turn|3\n|\n|t:|1735751536\n|-terastallize|p1a: Typhlosion|Fire\n|move|p1b: Lilligant|After You|p1a: Typhlosion\n|-activate|p1a: Typhlosion|move: After You\n|move|p1a: Typhlosion|Eruption|p2a: Indeedee|[spread] p2a,p2b\n|-resisted|p2b: Garchomp\n|-damage|p2a: Indeedee|0 fnt\n|-damage|p2b: Garchomp|0 fnt\n|faint|p2a: Indeedee\n|faint|p2b: Garchomp\n|\n|-weather|SunnyDay|[upkeep]\n|upkeep\n|\n|t:|1735751545\n|switch|p2b: Hatterene|Hatterene, L50, F, shiny|100/100\n|switch|p2a: Amoonguss|Amoonguss, L50, F, shiny|100/100\n|turn|4\n|\n|t:|1735751557\n|-terastallize|p2b: Hatterene|Psychic\n|move|p1b: Lilligant|Helping Hand|p1a: Typhlosion\n|-singleturn|p1a: Typhlosion|Helping Hand|[of] p1b: Lilligant\n|move|p1a: Typhlosion|Eruption|p2a: Amoonguss|[spread] p2a,p2b\n|-supereffective|p2a: Amoonguss\n|-damage|p2a: Amoonguss|0 fnt\n|-damage|p2b: Hatterene|0 fnt\n|faint|p2a: Amoonguss\n|faint|p2b: Hatterene\n|\n|win|Oricorio warrior\n|raw|Oricorio warrior's rating: 1218 &rarr; <strong>1248</strong><br />(+30 for winning)\n|raw|greenknightsixVGC's rating: 1290 &rarr; <strong>1260</strong><br />(-30 for losing)\n|l|\u2606Oricorio warrior\n|player|p1|\n|l|\u2606greenknightsixVGC\n|player|p2|\n",
  "uploadtime": 1735751935,
  "views": 350,
  "formatid": "gen9vgc2024regh",
  "rating": 1248,
  "private": 0,
  "password": null
}