{
  "id": "gen9vgc2024regh-2273193786",
  "format": "[Gen 9] VGC 2024 Reg H",
  "players": [
    "Vulpisfoglia",
    "BichoPelao"
  ],
  "log": "|j|\u2606Vulpisfoglia\n|j|\u2606BichoPelao\n|t:|1735748093\n|gametype|doubles\n|player|p1|Vulpisfoglia|nancy|1446\n|player|p2|BichoPelao|n|1599\n|teamsize|p1|6\n|teamsize|p2|6\n|gen|9\n|tier|[Gen 9] VGC 2024 Reg H\n|rated|\n|rule|Species Clause: Limit one of each Pok\u00e9mon\n|rule|Item Clause: Limit 1 of each item\n|clearpoke\n|poke|p1|Indeedee-F, L50, F|\n|poke|p1|Sneasler, L50, F|\n|poke|p1|Murkrow, L50, F|\n|poke|p1|Dragapult, L50, M|\n|poke|p1|Ursaluna-Bloodmoon, L50, M|\n|poke|p1|Delphox, L50, F|\n|poke|p2|Kingambit, L50, M|\n|poke|p2|Primarina, L50, M|\n|poke|p2|Sneasler, L50, F|\n|poke|p2|Magmar, L50, M|\n|poke|p2|Rillaboom, L50, F|\n|poke|p2|Dragapult, L50, M|\n|teampreview|4\n|inactive|Battle timer is ON: inactive players will automatically lose when time's up. (requested by BichoPelao)\n|\n|t:|1735748118\n|start\n|switch|p1a: \u9ed1\u5ddd\u8d64\u97f3|Indeedee-F, L50, F|100/100\n|switch|p1b: 2white|Ursaluna-Bloodmoon, L50, M|100/100\n|switch|p2a: Kingambit|Kingambit, L50, M|100/100\n|switch|p2b: Sneasler|Sneasler, L50, F|100/100\n|-fieldstart|move: Psychic Terrain|[from] ability: Psychic Surge|[of] p1a: \u9ed1\u5ddd\u8d64\u97f3\n|turn|1\n|\n|t:|1735748135\n|-terastallize|p1b: 2white|Normal\n|move|p1a: \u9ed1\u5ddd\u8d64\u97f3|Follow Me|p1a: \u9ed1\u5ddd\u8d64\u97f3\n|-singleturn|p1a: \u9ed1\u5ddd\u8d64\u97f3|move: Follow Me\n|move|p2b: Sneasler|Close Combat|p1a: \u9ed1\u5ddd\u8d64\u97f3\n|-damage|p1a: \u9ed1\u5ddd\u8d64\u97f3|44/100\n|-unboost|p2b: Sneasler|def|1\n|-unboost|p2b: Sneasler|spd|1\n|-damage|p2b: Sneasler|84/100|[from] item: Rocky Helmet|[of] p1a: \u9ed1\u5ddd\u8d64\u97f3\n|-status|p1a: \u9ed1\u5ddd\u8d64\u97f3|psn|[from] ability: Poison Touch|[of] p2b: Sneasler\n|move|p1b: 2white|Hyper Voice|p2b: Sneasler|[spread] p2a,p2b\n|-resisted|p2a: Kingambit\n|-damage|p2a: Kingambit|70/100\n|-damage|p2b: Sneasler|0 fnt\n|faint|p2b: Sneasler\n|move|p2a: Kingambit|Kowtow Cleave|p1a: \u9ed1\u5ddd\u8d64\u97f3\n|-supereffective|p1a: \u9ed1\u5ddd\u8d64\u97f3\n|-damage|p1a: \u9ed1\u5ddd\u8d64\u97f3|0 fnt\n|-damage|p2a: Kingambit|54/100|[from] item: Rocky Helmet|[of] p1a: \u9ed1\u5ddd\u8d64\u97f3\n|faint|p1a: \u9ed1\u5ddd\u8d64\u97f3\n|\n|upkeep\n|inactive|Vulpisfoglia has 30 seconds left.\n|\n|t:|1735748160\n|switch|p2b: Rillaboom|Rillaboom, L50, F|100/100\n|switch|p1a: \u9b3c\u4eba\u6b63\u90aa|Sneasler, L50, F|100/100\n|-enditem|p1a: \u9b3c\u4eba\u6b63\u90aa|Psychic Seed\n|-boost|p1a: \u9b3c\u4eba\u6b63\u90aa|spd|1|[from] item: Psychic Seed\n|-fieldstart|move: Grassy Terrain|[from] ability: Grassy Surge|[of] p2b: Rillaboom\n|turn|2\n|inactive|BichoPelao has 30 seconds left.\n|inactive|BichoPelao has 20 seconds left.\n|inactive|BichoPelao has 15 seconds left.\n|inactive|BichoPelao has 10 seconds left.\n|\n|t:|1735748206\n|move|p2a: Kingambit|Sucker Punch|p1a: \u9b3c\u4eba\u6b63\u90aa\n|-resisted|p1a: \u9b3c\u4eba\u6b63\u90aa\n|-damage|p1a: \u9b3c\u4eba\u6b63\u90aa|59/100\n|move|p1a: \u9b3c\u4eba\u6b63\u90aa|Close Combat|p2a: Kingambit\n|-supereffective|p2a: Kingambit\n|-damage|p2a: Kingambit|0 fnt\n|-unboost|p1a: \u9b3c\u4eba\u6b63\u90aa|def|1\n|-unboost|p1a: \u9b3c\u4eba\u6b63\u90aa|spd|1\n|faint|p2a: Kingambit\n|move|p2b: Rillaboom|High Horsepower|p1a: \u9b3c\u4eba\u6b63\u90aa\n|-supereffective|p1a: \u9b3c\u4eba\u6b63\u90aa\n|-damage|p1a: \u9b3c\u4eba\u6b63\u90aa|0 fnt\n|faint|p1a: \u9b3c\u4eba\u6b63\u90aa\n|move|p1b: 2white|Blood Moon|p2b: Rillaboom\n|-damage|p2b: Rillaboom|0 fnt\n|faint|p2b: Rillaboom\n|\n|upkeep\n|\n|t:|1735748221\n|switch|p1a: \u5deb\u604b|Delphox, L50, F|100/100\n|switch|p2b: Primarina|Primarina, L50, M|100/100\n|turn|3\n|\n|t:|1735748233\n|move|p2b: Primarina|Protect|p2b: Primarina\n|-singleturn|p2b: Primarina|Protect\n|move|p1a: \u5deb\u604b|Expanding Force|p2b: Primarina\n|-activate|p2b: Primarina|move: Protect\n|move|p1b: 2white|Hyper Voice|p2b: Primarina\n|-activate|p2b: Primarina|move: Protect\n|\n|upkeep\n|turn|4\n|\n|t:|1735748241\n|-terastallize|p2b: Primarina|Water\n|move|p1a: \u5deb\u604b|Expanding Force|p2b: Primarina\n|-damage|p2b: Primarina|58/100\n|-damage|p1a: \u5deb\u604b|91/100|[from] item: Life Orb\n|move|p2b: Primarina|Hyper Voice|p1a: \u5deb\u604b|[spread] p1a,p1b\n|-supereffective|p1a: \u5deb\u604b\n|-damage|p1a: \u5deb\u604b|0 fnt\n|-damage|p1b: 2white|55/100\n|faint|p1a: \u5deb\u604b\n|move|p1b: 2white|Blood Moon|p2b: Primarina\n|-damage|p2b: Primarina|0 fnt\n|faint|p2b: Primarina\n|\n|win|Vulpisfoglia\n|raw|Vulpisfoglia's rating: 1446 &rarr; <strong>1474</strong><br />(+28 for winning)\n|raw|BichoPelao's rating: 1599 &rarr; <strong>1571</strong><br />(-28 for losing)\n|l|\u2606BichoPelao\n|player|p2|\n|l|\u2606Vulpisfoglia\n|player|p1|\n",
  "uploadtime": 1735748474,
  "views": 151,
  "formatid": "gen9vgc2024regh",
  "rating": 1474,
  "private": 0,
  "password": null
}