{
  "id": "gen9vgc2024regh-2273232611",
  "format": "[Gen 9] VGC 2024 Reg H",
  "players": [
    "shihevixe3",
    "Semiau"
  ],
  "log": "|j|\u2606shihevixe3\n|j|\u2606Semiau\n|t:|1735753608\n|gametype|doubles\n|player|p1|shihevixe3|palmer|1491\n|player|p2|Semiau|101|1392\n|teamsize|p1|6\n|teamsize|p2|6\n|gen|9\n|tier|[Gen 9] VGC 2024 Reg H\n|rated|\n|rule|Species Clause: Limit one of each Pok\u00e9mon\n|rule|Item Clause: Limit 1 of each item\n|clearpoke\n|poke|p1|Pelipper, L50, F|\n|poke|p1|Annihilape, L50, F|\n|poke|p1|Archaludon, L50, F|\n|poke|p1|Sinistcha-Masterpiece, L50|\n|poke|p1|Grimmsnarl, L50, M|\n|poke|p1|Ursaluna, L50, M|\n|poke|p2|Pelipper, L50, M|\n|poke|p2|Basculegion-F, L50, F|\n|poke|p2|Archaludon, L50, M|\n|poke|p2|Rillaboom, L50, F|\n|poke|p2|Annihilape, L50, F|\n|poke|p2|Maushold-Four, L50|\n|teampreview|4\n|inactive|Battle timer is ON: inactive players will automatically lose when time's up. (requested by shihevixe3)\n|inactive|Semiau has 60 seconds left.\n|inactive|Semiau has 30 seconds left.\n|inactive|Semiau has 20 seconds left.\n|inactive|Semiau has 15 seconds left.\n|inactive|Semiau has 10 seconds left.\n|inactive|Semiau has 5 seconds left.\n|\n|t:|1735753810\n|start\n|switch|p1a: Annihilape|Annihilape, L50, F|100/100\n|switch|p1b: Archaludon|Archaludon, L50, F|100/100\n|switch|p2a: Pelipper|Pelipper, L50, M|100/100\n|switch|p2b: Basculegion|Basculegion-F, L50, F|100/100\n|-weather|RainDance|[from] ability: Drizzle|[of] p2a: Pelipper\n|turn|1\n|inactive|Semiau has 30 seconds left.\n|inactive|Semiau has 20 seconds left.\n|inactive|Semiau has 15 seconds left.\n|inactive|shihevixe3 has 30 seconds left.\n|inactive|Semiau has 10 seconds left.\n|inactive|Semiau has 5 seconds left.\n|\n|t:|1735753865\n|move|p2b: Basculegion|Muddy Water|p1a: Annihilape|[spread] p1a,p1b\n|-resisted|p1b: Archaludon\n|-damage|p1a: Annihilape|53/100\n|-damage|p1b: Archaludon|85/100\n|-ability|p1b: Archaludon|Stamina|boost\n|-boost|p1b: Archaludon|def|1\n|move|p1a: Annihilape|U-turn|p1b: Archaludon\n|-resisted|p1b: Archaludon\n|-damage|p1b: Archaludon|81/100\n|-ability|p1b: Archaludon|Stamina|boost\n|-boost|p1b: Archaludon|def|1\n|\n|t:|1735753874\n|switch|p1a: Pelipper|Pelipper, L50, F|100/100|[from] U-turn\n|move|p1b: Archaludon|Electro Shot||[still]\n|-prepare|p1b: Archaludon|Electro Shot\n|-boost|p1b: Archaludon|spa|1\n|-anim|p1b: Archaludon|Electro Shot|p2b: Basculegion\n|-supereffective|p2b: Basculegion\n|-damage|p2b: Basculegion|0 fnt\n|faint|p2b: Basculegion\n|move|p2a: Pelipper|Hurricane|p1b: Archaludon\n|-resisted|p1b: Archaludon\n|-damage|p1b: Archaludon|66/100\n|-ability|p1b: Archaludon|Stamina|boost\n|-boost|p1b: Archaludon|def|1\n|\n|-weather|RainDance|[upkeep]\n|upkeep\n|inactive|Semiau has 30 seconds left.\n|inactive|Semiau has 20 seconds left.\n|inactive|Semiau has 15 seconds left.\n|inactive|Semiau has 10 seconds left.\n|inactive|Semiau has 5 seconds left.\n|\n|t:|1735753929\n|switch|p2b: Archaludon|Archaludon, L50, M|100/100\n|turn|2\n|inactive|Semiau has 30 seconds left.\n|inactive|Semiau has 20 seconds left.\n|inactive|Semiau has 15 seconds left.\n|inactive|Semiau has 10 seconds left.\n|inactive|Semiau has 5 seconds left.\n|\n|t:|1735753984\n|move|p1a: Pelipper|Tailwind|p1a: Pelipper\n|-sidestart|p1: shihevixe3|move: Tailwind\n|move|p1b: Archaludon|Electro Shot||[still]\n|-prepare|p1b: Archaludon|Electro Shot\n|-boost|p1b: Archaludon|spa|1\n|-anim|p1b: Archaludon|Electro Shot|p2a: Pelipper\n|-supereffective|p2a: Pelipper\n|-enditem|p2a: Pelipper|Focus Sash\n|-damage|p2a: Pelipper|1/100\n|move|p2b: Archaludon|Body Press|p1b: Archaludon\n|-supereffective|p1b: Archaludon\n|-damage|p1b: Archaludon|52/100\n|-ability|p1b: Archaludon|Stamina|boost\n|-boost|p1b: Archaludon|def|1\n|move|p2a: Pelipper|Hurricane|p1a: Pelipper\n|-damage|p1a: Pelipper|23/100\n|\n|-weather|RainDance|[upkeep]\n|upkeep\n|turn|3\n|inactive|shihevixe3 has 30 seconds left.\n|inactive|Semiau has 30 seconds left.\n|inactive|Semiau has 20 seconds left.\n|inactive|Semiau has 15 seconds left.\n|inactive|Semiau has 10 seconds left.\n|inactive|Semiau has 5 seconds left.\n|\n|t:|1735754039\n|move|p1a: Pelipper|Hurricane|p2a: Pelipper\n|-damage|p2a: Pelipper|0 fnt\n|faint|p2a: Pelipper\n|move|p1b: Archaludon|Body Press|p2b: Archaludon\n|-supereffective|p2b: Archaludon\n|-damage|p2b: Archaludon|0 fnt\n|faint|p2b: Archaludon\n|\n|-weather|RainDance|[upkeep]\n|upkeep\n|inactive|Semiau has 30 seconds left.\n|inactive|Semiau has 20 seconds left.\n|inactive|Semiau has 15 seconds left.\n|inactive|Semiau has 10 seconds left.\n|inactive|Semiau has 5 seconds left.\n|\n|t:|1735754094\n|switch|p2a: Rillaboom|Rillaboom, L50, F|100/100\n|-fieldstart|move: Grassy Terrain|[from] ability: Grassy Surge|[of] p2a: Rillaboom\n|turn|4\n|inactive|Semiau has 30 seconds left.\n|inactive|Semiau has 20 seconds left.\n|inactive|Semiau has 15 seconds left.\n|inactive|Semiau has 10 seconds left.\n|inactive|Semiau has 5 seconds left.\n|\n|t:|1735754149\n|switch|p1a: Sinistcha|Sinistcha-Masterpiece, L50, shiny|100/100\n|-heal|p1b: Archaludon|77/100|[from] ability: Hospitality|[of] p1a: Sinistcha\n|move|p1b: Archaludon|Body Press|p2a: Rillaboom\n|-damage|p2a: Rillaboom|27/100\n|move|p2a: Rillaboom|U-turn|p1b: Archaludon\n|-resisted|p1b: Archaludon\n|-damage|p1b: Archaludon|75/100\n|-ability|p1b: Archaludon|Stamina|boost\n|-boost|p1b: Archaludon|def|1\n|\n|-weather|RainDance|[upkeep]\n|-heal|p1b: Archaludon|81/100|[from] Grassy Terrain\n|-heal|p2a: Rillaboom|33/100|[from] Grassy Terrain\n|upkeep\n|turn|5\n|inactive|Semiau has 30 seconds left.\n|inactive|Semiau has 20 seconds left.\n|inactive|Semiau has 15 seconds left.\n|inactive|Semiau has 10 seconds left.\n|inactive|Semiau has 5 seconds left.\n|\n|t:|1735754204\n|move|p1b: Archaludon|Body Press|p2a: Rillaboom\n|-damage|p2a: Rillaboom|0 fnt\n|faint|p2a: Rillaboom\n|\n|win|shihevixe3\n|raw|shihevixe3's rating: 1491 &rarr; <strong>1505</strong><br />(+14 for winning)\n|raw|Semiau's rating: 1392 &rarr; <strong>1378</strong><br />(-14 for losing)\n|l|\u2606shihevixe3\n|player|p1|\n|j|\u2606shihevixe3\n|player|p1|shihevixe3|palmer|\n|l|\u2606shihevixe3\n|player|p1|\n|j|\u2606shihevixe3\n|player|p1|shihevixe3|palmer|\n|l|\u2606shihevixe3\n|player|p1|\n",
  "uploadtime": 1735754566,
  "views": 414,
  "formatid": "gen9vgc2024regh",
  "rating": 1378,
  "private": 0,
  "password": null
}