{
  "id": "gen9vgc2024regh-2273184396",
  "format": "[Gen 9] VGC 2024 Reg H",
  "players": [
    "PROSPECTxONE",
    "sdfgsg"
  ],
  "log": "|j|\u2606PROSPECTxONE\n|j|\u2606sdfgsg\n|t:|1735746664\n|gametype|doubles\n|player|p1|PROSPECTxONE|rocketgrunt|1118\n|player|p2|sdfgsg|iris|1217\n|teamsize|p1|6\n|teamsize|p2|6\n|gen|9\n|tier|[Gen 9] VGC 2024 Reg H\n|rated|\n|rule|Species Clause: Limit one of each Pok\u00e9mon\n|rule|Item Clause: Limit 1 of each item\n|clearpoke\n|poke|p1|Flamigo, L50, M|\n|poke|p1|Cetitan, L50, F|\n|poke|p1|Ninetales-Alola, L50, F|\n|poke|p1|Salazzle, L50, F|\n|poke|p1|Hitmontop, L50, M|\n|poke|p1|Clefairy, L50, F|\n|poke|p2|Noivern, L50, M|\n|poke|p2|Araquanid, L50, M|\n|poke|p2|Shiftry, L50, F|\n|poke|p2|Clefairy, L50, M|\n|poke|p2|Porygon-Z, L50|\n|poke|p2|Kingambit, L50, M|\n|teampreview|4\n|\n|t:|1735746686\n|start\n|switch|p1a: Clefairy|Clefairy, L50, F|100/100\n|switch|p1b: Cetitan|Cetitan, L50, F|100/100\n|switch|p2a: Noivern|Noivern, L50, M|100/100\n|switch|p2b: Shiftry|Shiftry, L50, F|100/100\n|turn|1\n|\n|t:|1735746706\n|-terastallize|p2a: Noivern|Steel\n|move|p1b: Cetitan|Protect|p1b: Cetitan\n|-singleturn|p1b: Cetitan|Protect\n|move|p1a: Clefairy|Protect|p1a: Clefairy\n|-singleturn|p1a: Clefairy|Protect\n|move|p2a: Noivern|Tailwind|p2a: Noivern\n|-sidestart|p2: sdfgsg|move: Tailwind\n|-ability|p2b: Shiftry|Wind Rider|boost\n|-boost|p2b: Shiftry|atk|1\n|move|p2b: Shiftry|Leaf Blade|p1a: Clefairy\n|-activate|p1a: Clefairy|move: Protect\n|\n|upkeep\n|turn|2\n|\n|t:|1735746723\n|move|p1a: Clefairy|Follow Me|p1a: Clefairy\n|-singleturn|p1a: Clefairy|move: Follow Me\n|move|p2a: Noivern|Hyper Voice|p1a: Clefairy|[spread] p1a,p1b\n|-crit|p1b: Cetitan\n|-damage|p1a: Clefairy|83/100\n|-damage|p1b: Cetitan|83/100\n|-enditem|p2a: Noivern|Throat Spray\n|-boost|p2a: Noivern|spa|1|[from] item: Throat Spray\n|move|p2b: Shiftry|Leaf Blade|p1a: Clefairy\n|-damage|p1a: Clefairy|6/100\n|-damage|p2b: Shiftry|91/100|[from] item: Life Orb\n|move|p1b: Cetitan|Belly Drum|p1b: Cetitan\n|-damage|p1b: Cetitan|33/100\n|-setboost|p1b: Cetitan|atk|6|[from] move: Belly Drum\n|-enditem|p1b: Cetitan|Sitrus Berry|[eat]\n|-heal|p1b: Cetitan|58/100|[from] item: Sitrus Berry\n|\n|upkeep\n|turn|3\n|\n|t:|1735746740\n|switch|p2b: Araquanid|Araquanid, L50, M|100/100\n|move|p1b: Cetitan|Protect|p1b: Cetitan\n|-singleturn|p1b: Cetitan|Protect\n|move|p1a: Clefairy|Protect|p1a: Clefairy\n|-singleturn|p1a: Clefairy|Protect\n|move|p2a: Noivern|Hyper Voice|p1b: Cetitan|[spread] \n|-activate|p1a: Clefairy|move: Protect\n|-activate|p1b: Cetitan|move: Protect\n|\n|upkeep\n|turn|4\n|\n|t:|1735746762\n|move|p1a: Clefairy|Follow Me|p1a: Clefairy\n|-singleturn|p1a: Clefairy|move: Follow Me\n|move|p2a: Noivern|Hyper Voice|p1b: Cetitan|[spread] p1a,p1b\n|-damage|p1a: Clefairy|0 fnt\n|-damage|p1b: Cetitan|41/100\n|faint|p1a: Clefairy\n|move|p2b: Araquanid|Liquidation|p1b: Cetitan\n|-damage|p1b: Cetitan|0 fnt\n|faint|p1b: Cetitan\n|\n|-sideend|p2: sdfgsg|move: Tailwind\n|upkeep\n|-message|PROSPECTxONE forfeited.\n|\n|win|sdfgsg\n|raw|PROSPECTxONE's rating: 1118 &rarr; <strong>1100</strong><br />(-18 for losing)\n|raw|sdfgsg's rating: 1217 &rarr; <strong>1235</strong><br />(+18 for winning)\n|l|\u2606PROSPECTxONE\n|player|p1|\n|l|\u2606sdfgsg\n|player|p2|\n",
  "uploadtime": 1735747089,
  "views": 136,
  "formatid": "gen9vgc2024regh",
  "rating": 1100,
  "private": 0,
  "password": null
}