{
  "id": "gen9vgc2024regh-2273145568",
  "format": "[Gen 9] VGC 2024 Reg H",
  "players": [
    "jsoenge",
    "shihevixe3"
  ],
  "log": "|j|\u2606jsoenge\n|j|\u2606shihevixe3\n|t:|1735740053\n|gametype|doubles\n|player|p1|jsoenge|266|1372\n|player|p2|shihevixe3|palmer|1503\n|teamsize|p1|6\n|teamsize|p2|6\n|gen|9\n|tier|[Gen 9] VGC 2024 Reg H\n|rated|\n|rule|Species Clause: Limit one of each Pok\u00e9mon\n|rule|Item Clause: Limit 1 of each item\n|clearpoke\n|poke|p1|Gholdengo, L50|\n|poke|p1|Basculegion, L50, M|\n|poke|p1|Pelipper, L50, M|\n|poke|p1|Archaludon, L50, F|\n|poke|p1|Sneasler, L50, F|\n|poke|p1|Incineroar, L50, M|\n|poke|p2|Pelipper, L50, M|\n|poke|p2|Annihilape, L50, M|\n|poke|p2|Archaludon, L50, F|\n|poke|p2|Sinistcha-Masterpiece, L50|\n|poke|p2|Grimmsnarl, L50, M|\n|poke|p2|Ursaluna, L50, M|\n|teampreview|4\n|\n|t:|1735740088\n|start\n|switch|p1a: Gholdengo|Gholdengo, L50|100/100\n|switch|p1b: Pelipper|Pelipper, L50, M|100/100\n|switch|p2a: Grimmsnarl|Grimmsnarl, L50, M, shiny|100/100\n|switch|p2b: Archaludon|Archaludon, L50, F|100/100\n|-weather|RainDance|[from] ability: Drizzle|[of] p1b: Pelipper\n|turn|1\n|\n|t:|1735740163\n|-terastallize|p1b: Pelipper|Ground\n|move|p1a: Gholdengo|Protect|p1a: Gholdengo\n|-singleturn|p1a: Gholdengo|Protect\n|move|p2a: Grimmsnarl|Light Screen|p2a: Grimmsnarl\n|-sidestart|p2: shihevixe3|move: Light Screen\n|move|p2b: Archaludon|Electro Shot||[still]\n|-prepare|p2b: Archaludon|Electro Shot\n|-boost|p2b: Archaludon|spa|1\n|-anim|p2b: Archaludon|Electro Shot|p1a: Gholdengo\n|-activate|p1a: Gholdengo|move: Protect\n|move|p1b: Pelipper|Weather Ball|p2b: Archaludon\n|-resisted|p2b: Archaludon\n|-damage|p2b: Archaludon|87/100\n|-ability|p2b: Archaludon|Stamina|boost\n|-boost|p2b: Archaludon|def|1\n|\n|-weather|RainDance|[upkeep]\n|upkeep\n|turn|2\n|\n|t:|1735740193\n|switch|p1a: Sneasler|Sneasler, L50, F|100/100\n|switch|p1b: Incineroar|Incineroar, L50, M|100/100\n|-ability|p1b: Incineroar|Intimidate|boost\n|-unboost|p2a: Grimmsnarl|atk|1\n|-unboost|p2b: Archaludon|atk|1\n|move|p2a: Grimmsnarl|Parting Shot|p1b: Incineroar\n|-hint|Since gen 7, Dark is immune to Prankster moves.\n|-immune|p1b: Incineroar\n|move|p2b: Archaludon|Electro Shot||[still]\n|-prepare|p2b: Archaludon|Electro Shot\n|-boost|p2b: Archaludon|spa|1\n|-anim|p2b: Archaludon|Electro Shot|p1a: Sneasler\n|-enditem|p1a: Sneasler|Focus Sash\n|-damage|p1a: Sneasler|1/100\n|\n|-weather|RainDance|[upkeep]\n|upkeep\n|turn|3\n|\n|t:|1735740223\n|-terastallize|p2b: Archaludon|Fighting\n|move|p2a: Grimmsnarl|Parting Shot|p1a: Sneasler\n|-unboost|p1a: Sneasler|atk|1\n|-unboost|p1a: Sneasler|spa|1\n|\n|t:|1735740234\n|switch|p2a: Sinistcha|Sinistcha-Masterpiece, L50, shiny|100/100|[from] Parting Shot\n|-heal|p2b: Archaludon|100/100|[from] ability: Hospitality|[of] p2a: Sinistcha\n|move|p1a: Sneasler|Close Combat|p2b: Archaludon\n|-damage|p2b: Archaludon|82/100\n|-unboost|p1a: Sneasler|def|1\n|-unboost|p1a: Sneasler|spd|1\n|-ability|p2b: Archaludon|Stamina|boost\n|-boost|p2b: Archaludon|def|1\n|move|p2b: Archaludon|Electro Shot||[still]\n|-prepare|p2b: Archaludon|Electro Shot\n|-boost|p2b: Archaludon|spa|1\n|-anim|p2b: Archaludon|Electro Shot|p1a: Sneasler\n|-damage|p1a: Sneasler|0 fnt\n|faint|p1a: Sneasler\n|move|p1b: Incineroar|Knock Off|p2b: Archaludon\n|-resisted|p2b: Archaludon\n|-damage|p2b: Archaludon|75/100\n|-ability|p2b: Archaludon|Stamina|boost\n|-boost|p2b: Archaludon|def|1\n|-enditem|p2b: Archaludon|Assault Vest|[from] move: Knock Off|[of] p1b: Incineroar\n|\n|-weather|RainDance|[upkeep]\n|upkeep\n|-message|jsoenge forfeited.\n|\n|win|shihevixe3\n|raw|jsoenge's rating: 1372 &rarr; <strong>1359</strong><br />(-13 for losing)\n|raw|shihevixe3's rating: 1503 &rarr; <strong>1516</strong><br />(+13 for winning)\n|l|\u2606jsoenge\n|player|p1|\n|l|\u2606shihevixe3\n|player|p2|\n",
  "uploadtime": 1735740583,
  "views": 11,
  "formatid": "gen9vgc2024regh",
  "rating": 1359,
  "private": 0,
  "password": null
}